<?xml version="1.0" encoding="UTF-8"?>
<record>
  <leader>01264nam#a2200349#cc4500</leader>
  <controlfield tag="005">20210408121743.0</controlfield>
  <controlfield tag="007">tu</controlfield>
  <controlfield tag="008">021217|2002####gw ###########|||#|#ger#c</controlfield>
  <controlfield tag="003">DE-605</controlfield>
  <controlfield tag="001">990118562160206441</controlfield>
  <datafield tag="035" ind1=" " ind2=" ">
    <subfield code="a">(DE-605)HT013532539</subfield>
  </datafield>
  <datafield tag="040" ind1=" " ind2=" ">
    <subfield code="c">DE-605</subfield>
    <subfield code="a">465</subfield>
    <subfield code="b">ger</subfield>
    <subfield code="e">rakwb</subfield>
    <subfield code="d">DE-605</subfield>
  </datafield>
  <datafield tag="041" ind1=" " ind2=" ">
    <subfield code="a">ger</subfield>
  </datafield>
  <datafield tag="044" ind1=" " ind2=" ">
    <subfield code="c">XA-DE</subfield>
  </datafield>
  <datafield tag="110" ind1="2" ind2=" ">
    <subfield code="a">Deutschland</subfield>
    <subfield code="b">Bundesverfassungsgericht</subfield>
    <subfield code="0">(DE-588)2117905-0</subfield>
    <subfield code="4">aut</subfield>
    <subfield code="9">O:H</subfield>
    <subfield code="0">https://portal.dnb.de/opac.htm?method=simpleSearch&amp;cqlMode=true&amp;query=idn=007652879</subfield>
    <subfield code="0">http://viaf.org/viaf/sourceID/DNB|007652879</subfield>
    <subfield code="B">GND-007652879</subfield>
  </datafield>
  <datafield tag="245" ind1="1" ind2="0">
    <subfield code="a">&lt;&lt;Die&gt;&gt; Rechtsprechung des Bundesverfassungsgerichts im Jahre ...</subfield>
    <subfield code="n">2001</subfield>
    <subfield code="c">Manfred Lepa</subfield>
  </datafield>
  <datafield tag="250" ind1=" " ind2=" ">
    <subfield code="a">[Mikrofiche-Ausg.]</subfield>
  </datafield>
  <datafield tag="264" ind1="3" ind2="1">
    <subfield code="a">Köln</subfield>
    <subfield code="b">Bundesanzeiger</subfield>
    <subfield code="c">2002</subfield>
    <subfield code="3">2002</subfield>
  </datafield>
  <datafield tag="300" ind1=" " ind2=" ">
    <subfield code="a">24 S.</subfield>
  </datafield>
  <datafield tag="336" ind1=" " ind2=" ">
    <subfield code="b">txt</subfield>
  </datafield>
  <datafield tag="337" ind1=" " ind2=" ">
    <subfield code="b">n</subfield>
  </datafield>
  <datafield tag="338" ind1=" " ind2=" ">
    <subfield code="b">nc</subfield>
  </datafield>
  <datafield tag="964" ind1="0" ind2="s">
    <subfield code="F">030</subfield>
    <subfield code="A">a|1uc||||||||</subfield>
  </datafield>
  <datafield tag="964" ind1="0" ind2="s">
    <subfield code="F">050</subfield>
    <subfield code="A">a|||||||||||||</subfield>
  </datafield>
  <datafield tag="700" ind1="1" ind2=" ">
    <subfield code="a">Lepa, Manfred</subfield>
    <subfield code="d">1936-</subfield>
    <subfield code="0">(DE-588)170407578</subfield>
    <subfield code="4">ctb</subfield>
    <subfield code="9">O:H</subfield>
    <subfield code="0">https://portal.dnb.de/opac.htm?method=simpleSearch&amp;cqlMode=true&amp;query=idn=170407578</subfield>
    <subfield code="0">http://viaf.org/viaf/sourceID/DNB|170407578</subfield>
    <subfield code="B">GND-170407578</subfield>
  </datafield>
  <datafield tag="710" ind1="2" ind2=" ">
    <subfield code="a">Deutschland</subfield>
    <subfield code="g">Bundesrepublik</subfield>
    <subfield code="b">Bundesverfassungsgericht</subfield>
    <subfield code="0">(DE-588)35194-5</subfield>
    <subfield code="4">isb</subfield>
    <subfield code="9">O:H</subfield>
    <subfield code="0">https://portal.dnb.de/opac.htm?method=simpleSearch&amp;cqlMode=true&amp;query=idn=000351946</subfield>
    <subfield code="0">http://viaf.org/viaf/sourceID/DNB|000351946</subfield>
    <subfield code="B">GND-000351946</subfield>
  </datafield>
  <datafield tag="710" ind1="1" ind2=" ">
    <subfield code="a">Deutschland</subfield>
    <subfield code="0">(DE-588)4011882-4</subfield>
    <subfield code="4">isb</subfield>
    <subfield code="9">O:H</subfield>
    <subfield code="0">https://portal.dnb.de/opac.htm?method=simpleSearch&amp;cqlMode=true&amp;query=idn=040118827</subfield>
    <subfield code="0">http://viaf.org/viaf/sourceID/DNB|040118827</subfield>
    <subfield code="B">GND-040118827</subfield>
  </datafield>
  <datafield tag="710" ind1="1" ind2=" ">
    <subfield code="a">Deutschland</subfield>
    <subfield code="g">Bundesrepublik</subfield>
    <subfield code="0">(DE-588)4011889-7</subfield>
    <subfield code="4">isb</subfield>
    <subfield code="9">O:H</subfield>
    <subfield code="0">https://portal.dnb.de/opac.htm?method=simpleSearch&amp;cqlMode=true&amp;query=idn=040118894</subfield>
    <subfield code="0">http://viaf.org/viaf/sourceID/DNB|040118894</subfield>
    <subfield code="B">GND-040118894</subfield>
  </datafield>
  <datafield tag="751" ind1=" " ind2=" ">
    <subfield code="a">Köln</subfield>
    <subfield code="9">O:H</subfield>
    <subfield code="0">(DE-588)4031483-2</subfield>
    <subfield code="2">gnd</subfield>
    <subfield code="4">dbp</subfield>
    <subfield code="0">https://portal.dnb.de/opac.htm?method=simpleSearch&amp;cqlMode=true&amp;query=idn=040314839</subfield>
    <subfield code="0">http://viaf.org/viaf/sourceID/DNB|040314839</subfield>
    <subfield code="B">GND-040314839</subfield>
  </datafield>
  <datafield tag="773" ind1="0" ind2="8">
    <subfield code="w">(DE-600)795799-3</subfield>
    <subfield code="q">2001</subfield>
  </datafield>
  <datafield tag="776" ind1="0" ind2="8">
    <subfield code="i">Reproduktion von</subfield>
    <subfield code="k">Bundesanzeiger ; Jg. 54, Nr. 92a</subfield>
    <subfield code="w">(DE-605)HT013365271</subfield>
  </datafield>
  <datafield tag="533" ind1=" " ind2=" ">
    <subfield code="a">Mikrofiche-Ausg.</subfield>
    <subfield code="b">Köln</subfield>
    <subfield code="c">Bundesanzeiger</subfield>
    <subfield code="d">2002</subfield>
    <subfield code="e">1 Mikrofiche : 48x</subfield>
  </datafield>
  <datafield tag="035" ind1=" " ind2=" ">
    <subfield code="a">(DE-599)HBZHT013532539</subfield>
  </datafield>
  <datafield tag="MBD" ind1=" " ind2=" ">
    <subfield code="M">49HBZ_NETWORK</subfield>
    <subfield code="i">990118562160206441</subfield>
    <subfield code="n">HBZ Network</subfield>
  </datafield>
  <datafield tag="MBD" ind1=" " ind2=" ">
    <subfield code="M">49HBZ_UDE</subfield>
    <subfield code="i">990008774870206446</subfield>
    <subfield code="n">Universität Duisburg-Essen</subfield>
  </datafield>
  <datafield tag="MNG" ind1=" " ind2=" ">
    <subfield code="c">System</subfield>
    <subfield code="f">OTHER</subfield>
    <subfield code="i">marc21</subfield>
    <subfield code="k">01</subfield>
    <subfield code="e">false</subfield>
    <subfield code="d">2023-05-29 19:58:01 Europe/Berlin</subfield>
    <subfield code="g">011856216-HBZ01</subfield>
    <subfield code="j">60</subfield>
    <subfield code="a">import</subfield>
    <subfield code="b">2021-04-05 10:21:04 Europe/Berlin</subfield>
  </datafield>
  <datafield tag="H52" ind1="8" ind2=" ">
    <subfield code="b">D0001</subfield>
    <subfield code="c">D98</subfield>
    <subfield code="h">52B1_d</subfield>
    <subfield code="8">22420787070006446</subfield>
  </datafield>
  <datafield tag="HOL" ind1=" " ind2=" ">
    <subfield code="b">2021-04-15 18:45:43</subfield>
    <subfield code="8">22420787070006446</subfield>
    <subfield code="M">49HBZ_UDE</subfield>
    <subfield code="g">false</subfield>
    <subfield code="a">import</subfield>
  </datafield>
  <datafield tag="ITM" ind1=" " ind2=" ">
    <subfield code="H">22420787070006446</subfield>
    <subfield code="x">D98</subfield>
    <subfield code="f">FICHE</subfield>
    <subfield code="v">D98</subfield>
    <subfield code="p">38</subfield>
    <subfield code="X">System</subfield>
    <subfield code="U">2002-12-17 11:59:00 Europe/Berlin</subfield>
    <subfield code="Y">2021-04-15 20:47:03 Europe/Berlin</subfield>
    <subfield code="h">true</subfield>
    <subfield code="n">52B1_d</subfield>
    <subfield code="M">49HBZ_UDE</subfield>
    <subfield code="s">1</subfield>
    <subfield code="d">8</subfield>
    <subfield code="V">import</subfield>
    <subfield code="b">912479-10</subfield>
    <subfield code="a">23420787060006446</subfield>
    <subfield code="t">8</subfield>
    <subfield code="c">52B1_d</subfield>
    <subfield code="W">2002-12-17 01:00:00 Europe/Berlin</subfield>
    <subfield code="u">D0001</subfield>
    <subfield code="w">D0001</subfield>
  </datafield>
  <datafield tag="GSI" ind1="7" ind2=" ">
    <subfield code="a">170407578</subfield>
    <subfield code="0">http://d-nb.info/gnd/170407578</subfield>
    <subfield code="2">gnd</subfield>
    <subfield code="A">GND</subfield>
    <subfield code="B">GND-170407578</subfield>
    <subfield code="C">024</subfield>
  </datafield>
  <datafield tag="GKT" ind1="1" ind2=" ">
    <subfield code="a">Deutschland</subfield>
    <subfield code="b">Bundesverfassungsgericht</subfield>
    <subfield code="b">Pressestelle</subfield>
    <subfield code="4">spio</subfield>
    <subfield code="4">https://d-nb.info/standards/elementset/gnd#variantName</subfield>
    <subfield code="w">r</subfield>
    <subfield code="i">Spitzenorgan</subfield>
    <subfield code="e">Spitzenorgan</subfield>
    <subfield code="A">GND</subfield>
    <subfield code="B">GND-007652879</subfield>
    <subfield code="C">410</subfield>
  </datafield>
  <datafield tag="GKT" ind1="1" ind2=" ">
    <subfield code="a">Deutschland</subfield>
    <subfield code="b">Bundesverfassungsgericht</subfield>
    <subfield code="b">Dezernat Kirchhof</subfield>
    <subfield code="4">spio</subfield>
    <subfield code="4">https://d-nb.info/standards/elementset/gnd#variantName</subfield>
    <subfield code="w">r</subfield>
    <subfield code="i">Spitzenorgan</subfield>
    <subfield code="e">Spitzenorgan</subfield>
    <subfield code="A">GND</subfield>
    <subfield code="B">GND-007652879</subfield>
    <subfield code="C">410</subfield>
  </datafield>
  <datafield tag="GKT" ind1="2" ind2=" ">
    <subfield code="a">Bundesverfassungsgericht</subfield>
    <subfield code="g">Deutschland</subfield>
    <subfield code="A">GND</subfield>
    <subfield code="B">GND-007652879</subfield>
    <subfield code="C">410</subfield>
  </datafield>
  <datafield tag="GKT" ind1="1" ind2=" ">
    <subfield code="a">Deutschland</subfield>
    <subfield code="b">Constitutional Court</subfield>
    <subfield code="A">GND</subfield>
    <subfield code="B">GND-007652879</subfield>
    <subfield code="C">410</subfield>
  </datafield>
  <datafield tag="GKT" ind1="1" ind2=" ">
    <subfield code="a">Deutschland</subfield>
    <subfield code="b">Cour constitutionnelle fédérale</subfield>
    <subfield code="A">GND</subfield>
    <subfield code="B">GND-007652879</subfield>
    <subfield code="C">410</subfield>
  </datafield>
  <datafield tag="GKT" ind1="1" ind2=" ">
    <subfield code="a">Deutschland</subfield>
    <subfield code="b">Savezni ustavni sud</subfield>
    <subfield code="A">GND</subfield>
    <subfield code="B">GND-007652879</subfield>
    <subfield code="C">410</subfield>
  </datafield>
  <datafield tag="GKT" ind1="2" ind2=" ">
    <subfield code="a">Federal Constitutional Court</subfield>
    <subfield code="g">Deutschland</subfield>
    <subfield code="A">GND</subfield>
    <subfield code="B">GND-007652879</subfield>
    <subfield code="C">410</subfield>
  </datafield>
  <datafield tag="GKT" ind1="2" ind2=" ">
    <subfield code="a">Constitutional Court</subfield>
    <subfield code="g">Deutschland</subfield>
    <subfield code="A">GND</subfield>
    <subfield code="B">GND-007652879</subfield>
    <subfield code="C">410</subfield>
  </datafield>
  <datafield tag="GKT" ind1="2" ind2=" ">
    <subfield code="a">Cour constitutionnelle fédérale</subfield>
    <subfield code="g">Deutschland</subfield>
    <subfield code="A">GND</subfield>
    <subfield code="B">GND-007652879</subfield>
    <subfield code="C">410</subfield>
  </datafield>
  <datafield tag="GKT" ind1="2" ind2=" ">
    <subfield code="a">Savezni ustavni sud</subfield>
    <subfield code="g">Deutschland</subfield>
    <subfield code="A">GND</subfield>
    <subfield code="B">GND-007652879</subfield>
    <subfield code="C">410</subfield>
  </datafield>
  <datafield tag="GKT" ind1="2" ind2=" ">
    <subfield code="a">Savezni ustavni sud Nemačke</subfield>
    <subfield code="A">GND</subfield>
    <subfield code="B">GND-007652879</subfield>
    <subfield code="C">410</subfield>
  </datafield>
  <datafield tag="GKT" ind1="2" ind2=" ">
    <subfield code="a">De guo lian bang xian fa fa yuan</subfield>
    <subfield code="A">GND</subfield>
    <subfield code="B">GND-007652879</subfield>
    <subfield code="C">410</subfield>
  </datafield>
  <datafield tag="GKT" ind1="2" ind2=" ">
    <subfield code="a">BVerfG</subfield>
    <subfield code="4">abku</subfield>
    <subfield code="4">https://d-nb.info/standards/elementset/gnd#abbreviatedNameForTheCorporateBody</subfield>
    <subfield code="w">r</subfield>
    <subfield code="i">Abkuerzung</subfield>
    <subfield code="e">Abkuerzung</subfield>
    <subfield code="A">GND</subfield>
    <subfield code="B">GND-007652879</subfield>
    <subfield code="C">410</subfield>
  </datafield>
  <datafield tag="GSI" ind1="7" ind2=" ">
    <subfield code="a">2117905-0</subfield>
    <subfield code="0">http://d-nb.info/gnd/2117905-0</subfield>
    <subfield code="2">gnd</subfield>
    <subfield code="A">GND</subfield>
    <subfield code="B">GND-007652879</subfield>
    <subfield code="C">024</subfield>
  </datafield>
  <datafield tag="GSI" ind1="7" ind2=" ">
    <subfield code="a">4031483-2</subfield>
    <subfield code="0">http://d-nb.info/gnd/4031483-2</subfield>
    <subfield code="2">gnd</subfield>
    <subfield code="A">GND</subfield>
    <subfield code="B">GND-040314839</subfield>
    <subfield code="C">024</subfield>
  </datafield>
  <datafield tag="GGN" ind1=" " ind2=" ">
    <subfield code="a">Keln</subfield>
    <subfield code="A">GND</subfield>
    <subfield code="B">GND-040314839</subfield>
    <subfield code="C">451</subfield>
  </datafield>
  <datafield tag="GGN" ind1=" " ind2=" ">
    <subfield code="a">Keulen</subfield>
    <subfield code="A">GND</subfield>
    <subfield code="B">GND-040314839</subfield>
    <subfield code="C">451</subfield>
  </datafield>
  <datafield tag="GGN" ind1=" " ind2=" ">
    <subfield code="a">Cölln</subfield>
    <subfield code="g">Köln</subfield>
    <subfield code="A">GND</subfield>
    <subfield code="B">GND-040314839</subfield>
    <subfield code="C">451</subfield>
  </datafield>
  <datafield tag="GGN" ind1=" " ind2=" ">
    <subfield code="a">Groß-Köln</subfield>
    <subfield code="A">GND</subfield>
    <subfield code="B">GND-040314839</subfield>
    <subfield code="C">451</subfield>
  </datafield>
  <datafield tag="GGN" ind1=" " ind2=" ">
    <subfield code="a">Kūlūniyā</subfield>
    <subfield code="A">GND</subfield>
    <subfield code="B">GND-040314839</subfield>
    <subfield code="C">451</subfield>
  </datafield>
  <datafield tag="GGN" ind1=" " ind2=" ">
    <subfield code="a">Kerun</subfield>
    <subfield code="A">GND</subfield>
    <subfield code="B">GND-040314839</subfield>
    <subfield code="C">451</subfield>
  </datafield>
  <datafield tag="GGN" ind1=" " ind2=" ">
    <subfield code="a">Oppidum Ubiorum</subfield>
    <subfield code="A">GND</subfield>
    <subfield code="B">GND-040314839</subfield>
    <subfield code="C">451</subfield>
  </datafield>
  <datafield tag="GGN" ind1=" " ind2=" ">
    <subfield code="a">Ara Ubiorum</subfield>
    <subfield code="A">GND</subfield>
    <subfield code="B">GND-040314839</subfield>
    <subfield code="C">451</subfield>
  </datafield>
  <datafield tag="GGN" ind1=" " ind2=" ">
    <subfield code="a">Colonia Claudia Ara Agrippinensium</subfield>
    <subfield code="9">v:röm.</subfield>
    <subfield code="A">GND</subfield>
    <subfield code="B">GND-040314839</subfield>
    <subfield code="C">451</subfield>
  </datafield>
  <datafield tag="GGN" ind1=" " ind2=" ">
    <subfield code="a">CCAA</subfield>
    <subfield code="4">abku</subfield>
    <subfield code="4">https://d-nb.info/standards/elementset/gnd#abbreviatedNameForThePlaceOrGeographicName</subfield>
    <subfield code="w">r</subfield>
    <subfield code="i">Abkuerzung</subfield>
    <subfield code="9">v:röm.</subfield>
    <subfield code="A">GND</subfield>
    <subfield code="B">GND-040314839</subfield>
    <subfield code="C">451</subfield>
  </datafield>
  <datafield tag="GGN" ind1=" " ind2=" ">
    <subfield code="a">Colonia Agrippina</subfield>
    <subfield code="9">v:röm.</subfield>
    <subfield code="A">GND</subfield>
    <subfield code="B">GND-040314839</subfield>
    <subfield code="C">451</subfield>
  </datafield>
  <datafield tag="GGN" ind1=" " ind2=" ">
    <subfield code="a">Colonia Agrippinensis</subfield>
    <subfield code="9">v:röm.</subfield>
    <subfield code="A">GND</subfield>
    <subfield code="B">GND-040314839</subfield>
    <subfield code="C">451</subfield>
  </datafield>
  <datafield tag="GGN" ind1=" " ind2=" ">
    <subfield code="a">Colonia</subfield>
    <subfield code="g">Köln</subfield>
    <subfield code="A">GND</subfield>
    <subfield code="B">GND-040314839</subfield>
    <subfield code="C">451</subfield>
  </datafield>
  <datafield tag="GGN" ind1=" " ind2=" ">
    <subfield code="a">Colonia Ubiorum</subfield>
    <subfield code="A">GND</subfield>
    <subfield code="B">GND-040314839</subfield>
    <subfield code="C">451</subfield>
  </datafield>
  <datafield tag="GGN" ind1=" " ind2=" ">
    <subfield code="a">Kölln am Rheine</subfield>
    <subfield code="A">GND</subfield>
    <subfield code="B">GND-040314839</subfield>
    <subfield code="C">451</subfield>
  </datafield>
  <datafield tag="GGN" ind1=" " ind2=" ">
    <subfield code="a">Stadt Köln</subfield>
    <subfield code="A">GND</subfield>
    <subfield code="B">GND-040314839</subfield>
    <subfield code="C">451</subfield>
  </datafield>
  <datafield tag="GGN" ind1=" " ind2=" ">
    <subfield code="a">Cöln</subfield>
    <subfield code="A">GND</subfield>
    <subfield code="B">GND-040314839</subfield>
    <subfield code="C">451</subfield>
  </datafield>
  <datafield tag="GGN" ind1=" " ind2=" ">
    <subfield code="a">Cöllen</subfield>
    <subfield code="A">GND</subfield>
    <subfield code="B">GND-040314839</subfield>
    <subfield code="C">451</subfield>
  </datafield>
  <datafield tag="GGN" ind1=" " ind2=" ">
    <subfield code="a">Cologne</subfield>
    <subfield code="A">GND</subfield>
    <subfield code="B">GND-040314839</subfield>
    <subfield code="C">451</subfield>
  </datafield>
  <datafield tag="GGN" ind1=" " ind2=" ">
    <subfield code="a">Colonia ad Rhenum</subfield>
    <subfield code="A">GND</subfield>
    <subfield code="B">GND-040314839</subfield>
    <subfield code="C">451</subfield>
  </datafield>
  <datafield tag="GGN" ind1=" " ind2=" ">
    <subfield code="a">Hansestadt Köln</subfield>
    <subfield code="A">GND</subfield>
    <subfield code="B">GND-040314839</subfield>
    <subfield code="C">451</subfield>
  </datafield>
  <datafield tag="GGN" ind1=" " ind2=" ">
    <subfield code="a">Gross-Köln</subfield>
    <subfield code="A">GND</subfield>
    <subfield code="B">GND-040314839</subfield>
    <subfield code="C">451</subfield>
  </datafield>
  <datafield tag="GGN" ind1=" " ind2=" ">
    <subfield code="a">Colonia Agrippina</subfield>
    <subfield code="A">GND</subfield>
    <subfield code="B">GND-040314839</subfield>
    <subfield code="C">451</subfield>
  </datafield>
  <datafield tag="GGN" ind1=" " ind2=" ">
    <subfield code="a">Colonia Ubiorum</subfield>
    <subfield code="A">GND</subfield>
    <subfield code="B">GND-040314839</subfield>
    <subfield code="C">451</subfield>
  </datafield>
  <datafield tag="GKT" ind1="2" ind2=" ">
    <subfield code="a">Bundesverfassungsgericht</subfield>
    <subfield code="g">Deutschland, Bundesrepublik</subfield>
    <subfield code="A">GND</subfield>
    <subfield code="B">GND-000351946</subfield>
    <subfield code="C">410</subfield>
  </datafield>
  <datafield tag="GKT" ind1="2" ind2=" ">
    <subfield code="a">BVerfG</subfield>
    <subfield code="4">abku</subfield>
    <subfield code="i">Abkuerzung</subfield>
    <subfield code="A">GND</subfield>
    <subfield code="B">GND-000351946</subfield>
    <subfield code="C">410</subfield>
  </datafield>
  <datafield tag="GKT" ind1="1" ind2=" ">
    <subfield code="a">Deutschland</subfield>
    <subfield code="g">Bundesrepublik</subfield>
    <subfield code="b">Bundesverfassungsgericht</subfield>
    <subfield code="b">Pressestelle</subfield>
    <subfield code="4">spio</subfield>
    <subfield code="i">Spitzenorgan</subfield>
    <subfield code="A">GND</subfield>
    <subfield code="B">GND-000351946</subfield>
    <subfield code="C">410</subfield>
  </datafield>
  <datafield tag="GKT" ind1="2" ind2=" ">
    <subfield code="a">Pressestelle</subfield>
    <subfield code="g">Deutschland, Bundesrepublik, Bundesverfassungsgericht</subfield>
    <subfield code="4">spio</subfield>
    <subfield code="i">Spitzenorgan</subfield>
    <subfield code="A">GND</subfield>
    <subfield code="B">GND-000351946</subfield>
    <subfield code="C">410</subfield>
  </datafield>
  <datafield tag="GSI" ind1="7" ind2=" ">
    <subfield code="a">35194-5</subfield>
    <subfield code="0">http://d-nb.info/gnd/35194-5</subfield>
    <subfield code="2">gnd</subfield>
    <subfield code="A">GND</subfield>
    <subfield code="B">GND-000351946</subfield>
    <subfield code="C">024</subfield>
  </datafield>
  <datafield tag="GSI" ind1="7" ind2=" ">
    <subfield code="a">4011889-7</subfield>
    <subfield code="0">http://d-nb.info/gnd/4011889-7</subfield>
    <subfield code="2">gnd</subfield>
    <subfield code="A">GND</subfield>
    <subfield code="B">GND-040118894</subfield>
    <subfield code="C">024</subfield>
  </datafield>
  <datafield tag="GGN" ind1=" " ind2=" ">
    <subfield code="a">Alemanha</subfield>
    <subfield code="g">Deutschland, Bundesrepublik</subfield>
    <subfield code="A">GND</subfield>
    <subfield code="B">GND-040118894</subfield>
    <subfield code="C">451</subfield>
  </datafield>
  <datafield tag="GGN" ind1=" " ind2=" ">
    <subfield code="a">Alemania</subfield>
    <subfield code="g">Deutschland, Bundesrepublik</subfield>
    <subfield code="A">GND</subfield>
    <subfield code="B">GND-040118894</subfield>
    <subfield code="C">451</subfield>
  </datafield>
  <datafield tag="GGN" ind1=" " ind2=" ">
    <subfield code="a">Allemagne</subfield>
    <subfield code="g">Deutschland, Bundesrepublik</subfield>
    <subfield code="A">GND</subfield>
    <subfield code="B">GND-040118894</subfield>
    <subfield code="C">451</subfield>
  </datafield>
  <datafield tag="GGN" ind1=" " ind2=" ">
    <subfield code="a">Almanija</subfield>
    <subfield code="g">Deutschland, Bundesrepublik</subfield>
    <subfield code="A">GND</subfield>
    <subfield code="B">GND-040118894</subfield>
    <subfield code="C">451</subfield>
  </datafield>
  <datafield tag="GGN" ind1=" " ind2=" ">
    <subfield code="a">Almāniyā</subfield>
    <subfield code="g">Deutschland, Bundesrepublik</subfield>
    <subfield code="A">GND</subfield>
    <subfield code="B">GND-040118894</subfield>
    <subfield code="C">451</subfield>
  </datafield>
  <datafield tag="GGN" ind1=" " ind2=" ">
    <subfield code="a">Bondsrepubliek Duitsland</subfield>
    <subfield code="g">Deutschland, Bundesrepublik</subfield>
    <subfield code="A">GND</subfield>
    <subfield code="B">GND-040118894</subfield>
    <subfield code="C">451</subfield>
  </datafield>
  <datafield tag="GGN" ind1=" " ind2=" ">
    <subfield code="a">BRD</subfield>
    <subfield code="4">abku</subfield>
    <subfield code="i">Abkuerzung</subfield>
    <subfield code="A">GND</subfield>
    <subfield code="B">GND-040118894</subfield>
    <subfield code="C">451</subfield>
  </datafield>
  <datafield tag="GGN" ind1=" " ind2=" ">
    <subfield code="a">BRD</subfield>
    <subfield code="g">1949-1990</subfield>
    <subfield code="A">GND</subfield>
    <subfield code="B">GND-040118894</subfield>
    <subfield code="C">451</subfield>
  </datafield>
  <datafield tag="GGN" ind1=" " ind2=" ">
    <subfield code="a">Bundesrepublik Deutschland</subfield>
    <subfield code="g">1949-1990</subfield>
    <subfield code="A">GND</subfield>
    <subfield code="B">GND-040118894</subfield>
    <subfield code="C">451</subfield>
  </datafield>
  <datafield tag="GGN" ind1=" " ind2=" ">
    <subfield code="a">Deutschland</subfield>
    <subfield code="g">1949-1990, Bundesrepublik</subfield>
    <subfield code="A">GND</subfield>
    <subfield code="B">GND-040118894</subfield>
    <subfield code="C">451</subfield>
  </datafield>
  <datafield tag="GGN" ind1=" " ind2=" ">
    <subfield code="a">Deutschland</subfield>
    <subfield code="x">Bundesrepublik</subfield>
    <subfield code="g">1949-1990</subfield>
    <subfield code="A">GND</subfield>
    <subfield code="B">GND-040118894</subfield>
    <subfield code="C">451</subfield>
  </datafield>
  <datafield tag="GGN" ind1=" " ind2=" ">
    <subfield code="a">Federal Republic of Germany</subfield>
    <subfield code="g">Deutschland, Bundesrepublik</subfield>
    <subfield code="A">GND</subfield>
    <subfield code="B">GND-040118894</subfield>
    <subfield code="C">451</subfield>
  </datafield>
  <datafield tag="GGN" ind1=" " ind2=" ">
    <subfield code="a">Förbundsrepubliken Tyskland</subfield>
    <subfield code="g">Deutschland, Bundesrepublik</subfield>
    <subfield code="A">GND</subfield>
    <subfield code="B">GND-040118894</subfield>
    <subfield code="C">451</subfield>
  </datafield>
  <datafield tag="GGN" ind1=" " ind2=" ">
    <subfield code="a">Förbundsrepublikken Tyskland</subfield>
    <subfield code="g">Deutschland, Bundesrepublik</subfield>
    <subfield code="A">GND</subfield>
    <subfield code="B">GND-040118894</subfield>
    <subfield code="C">451</subfield>
  </datafield>
  <datafield tag="GGN" ind1=" " ind2=" ">
    <subfield code="a">FRG</subfield>
    <subfield code="4">abku</subfield>
    <subfield code="i">Abkuerzung</subfield>
    <subfield code="A">GND</subfield>
    <subfield code="B">GND-040118894</subfield>
    <subfield code="C">451</subfield>
  </datafield>
  <datafield tag="GGN" ind1=" " ind2=" ">
    <subfield code="a">Germany</subfield>
    <subfield code="g">Deutschland, Bundesrepublik</subfield>
    <subfield code="A">GND</subfield>
    <subfield code="B">GND-040118894</subfield>
    <subfield code="C">451</subfield>
  </datafield>
  <datafield tag="GGN" ind1=" " ind2=" ">
    <subfield code="a">Németországi Szövetségi Kőztársaság</subfield>
    <subfield code="g">Deutschland, Bundesrepublik</subfield>
    <subfield code="A">GND</subfield>
    <subfield code="B">GND-040118894</subfield>
    <subfield code="C">451</subfield>
  </datafield>
  <datafield tag="GGN" ind1=" " ind2=" ">
    <subfield code="a">Niemiecka Republika Federalna Niemiecka Republika Federalna</subfield>
    <subfield code="A">GND</subfield>
    <subfield code="B">GND-040118894</subfield>
    <subfield code="C">451</subfield>
  </datafield>
  <datafield tag="GGN" ind1=" " ind2=" ">
    <subfield code="a">NRF</subfield>
    <subfield code="4">abku</subfield>
    <subfield code="i">Abkuerzung</subfield>
    <subfield code="A">GND</subfield>
    <subfield code="B">GND-040118894</subfield>
    <subfield code="C">451</subfield>
  </datafield>
  <datafield tag="GGN" ind1=" " ind2=" ">
    <subfield code="a">Repubblica Federale di Germania</subfield>
    <subfield code="g">Deutschland, Bundesrepublik</subfield>
    <subfield code="A">GND</subfield>
    <subfield code="B">GND-040118894</subfield>
    <subfield code="C">451</subfield>
  </datafield>
  <datafield tag="GGN" ind1=" " ind2=" ">
    <subfield code="a">Republic of Germany</subfield>
    <subfield code="g">Deutschland, Bundesrepublik</subfield>
    <subfield code="A">GND</subfield>
    <subfield code="B">GND-040118894</subfield>
    <subfield code="C">451</subfield>
  </datafield>
  <datafield tag="GGN" ind1=" " ind2=" ">
    <subfield code="a">República Federal da Alemanha</subfield>
    <subfield code="g">Deutschland, Bundesrepublik</subfield>
    <subfield code="A">GND</subfield>
    <subfield code="B">GND-040118894</subfield>
    <subfield code="C">451</subfield>
  </datafield>
  <datafield tag="GGN" ind1=" " ind2=" ">
    <subfield code="a">República Federal de Alemania</subfield>
    <subfield code="g">Deutschland, Bundesrepublik</subfield>
    <subfield code="A">GND</subfield>
    <subfield code="B">GND-040118894</subfield>
    <subfield code="C">451</subfield>
  </datafield>
  <datafield tag="GGN" ind1=" " ind2=" ">
    <subfield code="a">Republik Federasi Djerman</subfield>
    <subfield code="g">Deutschland, Bundesrepublik</subfield>
    <subfield code="A">GND</subfield>
    <subfield code="B">GND-040118894</subfield>
    <subfield code="C">451</subfield>
  </datafield>
  <datafield tag="GGN" ind1=" " ind2=" ">
    <subfield code="a">Republika Federalna Niemiec</subfield>
    <subfield code="g">Deutschland, Bundesrepublik</subfield>
    <subfield code="A">GND</subfield>
    <subfield code="B">GND-040118894</subfield>
    <subfield code="C">451</subfield>
  </datafield>
  <datafield tag="GGN" ind1=" " ind2=" ">
    <subfield code="a">République Fédérale d'Allemagne</subfield>
    <subfield code="g">Deutschland, Bundesrepublik</subfield>
    <subfield code="A">GND</subfield>
    <subfield code="B">GND-040118894</subfield>
    <subfield code="C">451</subfield>
  </datafield>
  <datafield tag="GGN" ind1=" " ind2=" ">
    <subfield code="a">RFN</subfield>
    <subfield code="4">abku</subfield>
    <subfield code="i">Abkuerzung</subfield>
    <subfield code="A">GND</subfield>
    <subfield code="B">GND-040118894</subfield>
    <subfield code="C">451</subfield>
  </datafield>
  <datafield tag="GGN" ind1=" " ind2=" ">
    <subfield code="a">Saksan Liittotasavalta</subfield>
    <subfield code="g">Deutschland, Bundesrepublik</subfield>
    <subfield code="A">GND</subfield>
    <subfield code="B">GND-040118894</subfield>
    <subfield code="C">451</subfield>
  </datafield>
  <datafield tag="GGN" ind1=" " ind2=" ">
    <subfield code="a">Westdeutschland</subfield>
    <subfield code="g">Bundesrepublik, 1949-1990</subfield>
    <subfield code="A">GND</subfield>
    <subfield code="B">GND-040118894</subfield>
    <subfield code="C">451</subfield>
  </datafield>
  <datafield tag="GSI" ind1="7" ind2=" ">
    <subfield code="a">http://d-nb.info/gnd/4011882-4</subfield>
    <subfield code="2">uri</subfield>
    <subfield code="A">GND</subfield>
    <subfield code="B">GND-040118827</subfield>
    <subfield code="C">024</subfield>
  </datafield>
  <datafield tag="GGN" ind1=" " ind2=" ">
    <subfield code="a">Deutsche Länder</subfield>
    <subfield code="9">v:als Sammelbezeichnung für die RVK</subfield>
    <subfield code="A">GND</subfield>
    <subfield code="B">GND-040118827</subfield>
    <subfield code="C">451</subfield>
  </datafield>
  <datafield tag="GGN" ind1=" " ind2=" ">
    <subfield code="a">Germany</subfield>
    <subfield code="g">Deutschland</subfield>
    <subfield code="A">GND</subfield>
    <subfield code="B">GND-040118827</subfield>
    <subfield code="C">451</subfield>
  </datafield>
  <datafield tag="GGN" ind1=" " ind2=" ">
    <subfield code="a">Heiliges Römisches Reich</subfield>
    <subfield code="4">naaf</subfield>
    <subfield code="4">http://d-nb.info/standards/elementset/gnd#variantName</subfield>
    <subfield code="w">r</subfield>
    <subfield code="i">Alte Ansetzungsform</subfield>
    <subfield code="A">GND</subfield>
    <subfield code="B">GND-040118827</subfield>
    <subfield code="C">451</subfield>
  </datafield>
  <datafield tag="GGN" ind1=" " ind2=" ">
    <subfield code="a">Rheinbund</subfield>
    <subfield code="4">naaf</subfield>
    <subfield code="4">http://d-nb.info/standards/elementset/gnd#variantName</subfield>
    <subfield code="w">r</subfield>
    <subfield code="i">Alte Ansetzungsform</subfield>
    <subfield code="A">GND</subfield>
    <subfield code="B">GND-040118827</subfield>
    <subfield code="C">451</subfield>
  </datafield>
  <datafield tag="GGN" ind1=" " ind2=" ">
    <subfield code="a">Deutscher Bund</subfield>
    <subfield code="4">naaf</subfield>
    <subfield code="4">http://d-nb.info/standards/elementset/gnd#variantName</subfield>
    <subfield code="w">r</subfield>
    <subfield code="i">Alte Ansetzungsform</subfield>
    <subfield code="A">GND</subfield>
    <subfield code="B">GND-040118827</subfield>
    <subfield code="C">451</subfield>
  </datafield>
  <datafield tag="GGN" ind1=" " ind2=" ">
    <subfield code="a">Norddeutscher Bund</subfield>
    <subfield code="4">naaf</subfield>
    <subfield code="4">http://d-nb.info/standards/elementset/gnd#variantName</subfield>
    <subfield code="w">r</subfield>
    <subfield code="i">Alte Ansetzungsform</subfield>
    <subfield code="A">GND</subfield>
    <subfield code="B">GND-040118827</subfield>
    <subfield code="C">451</subfield>
  </datafield>
  <datafield tag="GGN" ind1=" " ind2=" ">
    <subfield code="a">Deutsches Reich</subfield>
    <subfield code="4">naaf</subfield>
    <subfield code="4">http://d-nb.info/standards/elementset/gnd#variantName</subfield>
    <subfield code="w">r</subfield>
    <subfield code="i">Alte Ansetzungsform</subfield>
    <subfield code="A">GND</subfield>
    <subfield code="B">GND-040118827</subfield>
    <subfield code="C">451</subfield>
  </datafield>
  <datafield tag="GGN" ind1=" " ind2=" ">
    <subfield code="a">Deutschland</subfield>
    <subfield code="g">Gebiet unter Alliierter Besatzung</subfield>
    <subfield code="4">naaf</subfield>
    <subfield code="4">http://d-nb.info/standards/elementset/gnd#variantName</subfield>
    <subfield code="w">r</subfield>
    <subfield code="i">Alte Ansetzungsform</subfield>
    <subfield code="A">GND</subfield>
    <subfield code="B">GND-040118827</subfield>
    <subfield code="C">451</subfield>
  </datafield>
  <datafield tag="GGN" ind1=" " ind2=" ">
    <subfield code="a">Deutschland</subfield>
    <subfield code="g">Bundesrepublik, 1990-</subfield>
    <subfield code="A">GND</subfield>
    <subfield code="B">GND-040118827</subfield>
    <subfield code="C">451</subfield>
  </datafield>
  <datafield tag="GGN" ind1=" " ind2=" ">
    <subfield code="a">BRD</subfield>
    <subfield code="g">1990-</subfield>
    <subfield code="A">GND</subfield>
    <subfield code="B">GND-040118827</subfield>
    <subfield code="C">451</subfield>
  </datafield>
  <datafield tag="GGN" ind1=" " ind2=" ">
    <subfield code="a">Federal Republic of Germany</subfield>
    <subfield code="g">Deutschland</subfield>
    <subfield code="A">GND</subfield>
    <subfield code="B">GND-040118827</subfield>
    <subfield code="C">451</subfield>
  </datafield>
  <datafield tag="GGN" ind1=" " ind2=" ">
    <subfield code="a">Republic of Germany</subfield>
    <subfield code="g">Deutschland</subfield>
    <subfield code="A">GND</subfield>
    <subfield code="B">GND-040118827</subfield>
    <subfield code="C">451</subfield>
  </datafield>
  <datafield tag="GGN" ind1=" " ind2=" ">
    <subfield code="a">Allemagne</subfield>
    <subfield code="g">Deutschland</subfield>
    <subfield code="A">GND</subfield>
    <subfield code="B">GND-040118827</subfield>
    <subfield code="C">451</subfield>
  </datafield>
  <datafield tag="GGN" ind1=" " ind2=" ">
    <subfield code="a">Ǧumhūrīyat Almāniyā al-Ittiḥādīya</subfield>
    <subfield code="A">GND</subfield>
    <subfield code="B">GND-040118827</subfield>
    <subfield code="C">451</subfield>
  </datafield>
  <datafield tag="GGN" ind1=" " ind2=" ">
    <subfield code="a">Bundesrepublik Deutschland</subfield>
    <subfield code="g">1990-</subfield>
    <subfield code="A">GND</subfield>
    <subfield code="B">GND-040118827</subfield>
    <subfield code="C">451</subfield>
  </datafield>
  <datafield tag="GGN" ind1=" " ind2=" ">
    <subfield code="a">BRD</subfield>
    <subfield code="4">abku</subfield>
    <subfield code="4">http://d-nb.info/standards/elementset/gnd#abbreviatedNameForThePlaceOrGeographicName</subfield>
    <subfield code="w">r</subfield>
    <subfield code="i">Abkuerzung</subfield>
    <subfield code="A">GND</subfield>
    <subfield code="B">GND-040118827</subfield>
    <subfield code="C">451</subfield>
  </datafield>
  <datafield tag="GGN" ind1=" " ind2=" ">
    <subfield code="a">Niemcy</subfield>
    <subfield code="A">GND</subfield>
    <subfield code="B">GND-040118827</subfield>
    <subfield code="C">451</subfield>
  </datafield>
  <datafield tag="GGN" ind1=" " ind2=" ">
    <subfield code="a">République Fédérale d'Allemagne</subfield>
    <subfield code="g">Deutschland</subfield>
    <subfield code="A">GND</subfield>
    <subfield code="B">GND-040118827</subfield>
    <subfield code="C">451</subfield>
  </datafield>
  <datafield tag="GGN" ind1=" " ind2=" ">
    <subfield code="a">Repubblica Federale di Germania</subfield>
    <subfield code="g">Deutschland</subfield>
    <subfield code="A">GND</subfield>
    <subfield code="B">GND-040118827</subfield>
    <subfield code="C">451</subfield>
  </datafield>
  <datafield tag="GGN" ind1=" " ind2=" ">
    <subfield code="a">Germanija</subfield>
    <subfield code="A">GND</subfield>
    <subfield code="B">GND-040118827</subfield>
    <subfield code="C">451</subfield>
  </datafield>
  <datafield tag="GGN" ind1=" " ind2=" ">
    <subfield code="a">Federativnaja Respublika Germanija</subfield>
    <subfield code="A">GND</subfield>
    <subfield code="B">GND-040118827</subfield>
    <subfield code="C">451</subfield>
  </datafield>
  <datafield tag="GGN" ind1=" " ind2=" ">
    <subfield code="a">FRG</subfield>
    <subfield code="4">abku</subfield>
    <subfield code="4">http://d-nb.info/standards/elementset/gnd#abbreviatedNameForThePlaceOrGeographicName</subfield>
    <subfield code="w">r</subfield>
    <subfield code="i">Abkuerzung</subfield>
    <subfield code="A">GND</subfield>
    <subfield code="B">GND-040118827</subfield>
    <subfield code="C">451</subfield>
  </datafield>
  <datafield tag="GGN" ind1=" " ind2=" ">
    <subfield code="a">Deyizhi-Lianbang-Gongheguo</subfield>
    <subfield code="A">GND</subfield>
    <subfield code="B">GND-040118827</subfield>
    <subfield code="C">451</subfield>
  </datafield>
</record>
